@article{TOZZI2004,
	author = {M. Tozzi},
	title = {Vertedouro em degraus},
	journal = {Revista da Vinci},
	address = {Curitiba},
	volume = {1},
	number = {1},
	pages = {9-28},
	year = {2004},
}


@inproceedings{PEDRO2100,
	author = {T. Pedro and J. Ota and H. Doni},
	title = {Vertedouro em degraus},
	journal = {Revista da Vinci},
	address = {Curitiba},
	volume = {1},
	number = {1},
	pages = {9-28},
	year = {2004},
}

@book{JOAO2000,
	author = {Joao Rodriguez and U. Lee},
	title = {Vertedouro em degraus},
	journal = {Revista da Vinci},
	address = {Curitiba},
	volume = {1},
	number = {1},
	pages = {9-28},
	year = {2004},
}

@mastersthesis{daSilva2004,
	author = "N. A. V. M. {DA SILVA}",
	title = "Controle das potências activa e reactiva fornecidas à rede eléctrica por conversores {CC/CA} fontes de tensão",
	school = "University of Porto",
	address = "Porto, Portugal",
	year = "2004"
}

@INCOLLECTION{Jaffe79,
   author={R. L. JAFFE},
   title={The bag},
   editor={A. Zichichi},
   booktitle={Pointlike structures inside and outside hadrons},
   publisher={Plenum Press},
   address={New York},
   year=1982,
   pages={99-146}}

@misc{Epia2012,
	author = "{EUROPEAN PHOTOVOLTAIC INDUSTRY ASSOCIATION (EPIA)}",
	title = "Global market outlook for photovoltaics until 2016",
	year = "2012",
	institution = "European Photovoltaic Industry Association (EPIA)",
	month = "May",
	address = "Brussels, Belgium",
	howpublished = "Available in: \url{http://www.epia.org}"
}

@techreport{Ieee2000,
	author = "{IEEE STANDARDS}",
	title = "{IEEE} recommended practice for utility interface of photovoltaic ({PV}) systems",
	year = "2000",
	institution = "Institute of Electrical and Electronics Engineers (IEEE)",
	month = "January",
	address = "New York, USA"
}

@INTERNET{Steane97,
   author={Andrew Steane},
   title={Citação de referências e documentos eletrônicos},
   url={http://www.elogica.com.br/users/gmoura/refere.html},
   urldate=24,
   month=sep,
   year=1996},
   urldate:" Outubro de 1996
}